<?xml version="1.0" encoding="UTF-8"?><collection xmlns="http://www.loc.gov/MARC21/slim"><record><leader>00378nam--2200121-i-4500</leader><controlfield tag="001">000001714</controlfield><controlfield tag="002">20161230</controlfield><controlfield tag="005">20161230201024</controlfield><controlfield tag="008">060222s1000------------r-----000-0-eng-d</controlfield><datafield ind1=" " ind2=" " tag="245"><subfield code="a">La politique scientifique et les etats europeens</subfield></datafield><datafield ind1=" " ind2=" " tag="260"><subfield code="a">Paris, Unesco, 1971, 1972</subfield></datafield><datafield ind1=" " ind2=" " tag="490"><subfield code="a">Etudes Et Documents De Politique Scientifique. Science Policy Studies And Documents</subfield></datafield><datafield ind1=" " ind2=" " tag="852"><subfield code="a">21290</subfield></datafield></record></collection>